% Encoding: UTF-8

@Comment{jabref-meta: databaseType:bibtex;}

@book{DigComm,
  title={INTRODUCTION TO DIGITAL COMMUNICATION SYSTEMS},
  author={Wesolowski, Krzysztof},
  year={2009},
  publisher={John Wiley and Sons}
}