% Encoding: UTF-8

@Book{Abramson63,
  title     = {Information Theory and Coding},
  publisher = {McGraw-Hill},
  year      = {1963},
  author    = {Abramson, N.},
}

@Book{Pasco76,
  title     = {Source coding algorithms for fast data compression},
  publisher = {Dept. of Electrical Engineering, Stanford Univ., Stanford,},
  year      = {1976},
  author    = {Pasco, R.},
}

@article{Rissanen76,
  title={Generalized Kraft inequality and arithmmatic coding},
  author={Rissanen, J.J},
  journal={IBM J. Res. Dev. 20},
  year={1976},
}


@Comment{jabref-meta: databaseType:bibtex;}