% Encoding: UTF-8

@ONLINE {venkatesanguruswami2010,
	author = "Venkatesan Guruswami",
	title  = "Introduction to Coding Theory - Notes 1: Introduction, linear codes",
	year   = "2010",
	url    = "https://www.cs.cmu.edu/venkatg/teaching/codingtheory/notes/notes1.pdf"
}

@ARTICLE {richardwesleyhamming1950,
	author  = "Richard Wesley Hamming",
	title   = "Error detecting and error correcting codes",
	journal = "Bell System Technical Journal",
	year    = "1950",
	volume  = "29",
	number  = "2",
	pages   = "147â€“160"
}

@BOOK {toddk.moon2005,
	author    = "Todd K. Moon",
	title     = "Error Correction Coding",
	publisher = "New Jersey: John Wiley \& Sons",
	year      = "2005",
	note      = "ISBN 978-0-471-64800-0"
}

@BOOK {davidj.c.mackay2003,
	author    = "David J. C.  MacKay",
	title     = "Information Theory, Inference and Learning Algorithms",
	publisher = "Cambridge: Cambridge University Press",
	year      = "2003",
	month     = "sep",
	note      = "ISBN 0-521-64298-1"
}

@Comment{jabref-meta: databaseType:bibtex;}
