% Encoding: UTF-8

@Book{Wesolowski2009,
  title     = {Introduction to Digital Communication Systems},
  publisher = {Wiley},
  year      = {2009},
  author    = {K Weso≈Çowski},
}

@Comment{jabref-meta: databaseType:bibtex;}
